<record><leader>00000cas a22000007a 4500</leader><controlfield tag="001">19493402</controlfield><controlfield tag="008">890404d1905195umouwr ne      0    0eng d</controlfield><datafield ind1=" " ind2=" " tag="010"><subfield code="a">sn 89066107 </subfield></datafield><datafield ind1=" " ind2=" " tag="040"><subfield code="a">MQN</subfield><subfield code="b">eng</subfield><subfield code="c">MQN</subfield><subfield code="d">OCLCQ</subfield></datafield><datafield ind1=" " ind2=" " tag="042"><subfield code="a">msc</subfield></datafield><datafield ind1=" " ind2=" " tag="043"><subfield code="a">n-us-mo</subfield></datafield><datafield ind1="0" ind2="4" tag="245"><subfield code="a">The Bronaugh journal.</subfield></datafield><datafield ind1=" " ind2=" " tag="260"><subfield code="a">Bronugh [i.e. Bronaugh] Mo. :</subfield><subfield code="b">Dorris &amp; Dorris</subfield></datafield><datafield ind1=" " ind2=" " tag="300"><subfield code="a">v.</subfield></datafield><datafield ind1=" " ind2=" " tag="310"><subfield code="a">Weekly</subfield></datafield><datafield ind1=" " ind2=" " tag="588"><subfield code="a">Description based on: Vol. 6, no. 9 (Apr. 13, 1910).</subfield></datafield><datafield ind1=" " ind2="0" tag="651"><subfield code="a">Bronaugh (Mo.)</subfield><subfield code="v">Newspapers.</subfield></datafield><datafield ind1=" " ind2=" " tag="752"><subfield code="a">United States</subfield><subfield code="b">Missouri</subfield><subfield code="c">Vernon</subfield><subfield code="d">Bronaugh.</subfield></datafield></record>